<?xml version="1.0" encoding="UTF-8"?><record xmlns="http://www.loc.gov/MARC21/slim" xmlns:cinclude="http://apache.org/cocoon/include/1.0" xmlns:zs="http://www.loc.gov/zing/srw/">
  <leader>01285cz  a2200217n  4500</leader>
  <controlfield tag="001">n  79060638 </controlfield>
  <controlfield tag="003">DLC</controlfield>
  <controlfield tag="005">20141208082600.0</controlfield>
  <controlfield tag="008">790802n| azannaab           |a ana      </controlfield>
  <datafield tag="010" ind1=" " ind2=" ">
    <subfield code="a">n  79060638 </subfield>
    <subfield code="z">no 98066009 </subfield>
  </datafield>
  <datafield tag="035" ind1=" " ind2=" ">
    <subfield code="a">(OCoLC)oca00293666</subfield>
  </datafield>
  <datafield tag="040" ind1=" " ind2=" ">
    <subfield code="a">DLC</subfield>
    <subfield code="b">eng</subfield>
    <subfield code="e">rda</subfield>
    <subfield code="c">DLC</subfield>
    <subfield code="d">DLC</subfield>
    <subfield code="d">GU</subfield>
    <subfield code="d">DLC</subfield>
  </datafield>
  <datafield tag="110" ind1="2" ind2=" ">
    <subfield code="a">American Public Welfare Association</subfield>
  </datafield>
  <datafield tag="410" ind1="2" ind2="0">
    <subfield code="a">American Association of Public Welfare Officials</subfield>
  </datafield>
  <datafield tag="410" ind1="2" ind2="0">
    <subfield code="a">APWA</subfield>
  </datafield>
  <datafield tag="510" ind1="2" ind2="0">
    <subfield code="w">b</subfield>
    <subfield code="a">American Public Human Services Association</subfield>
  </datafield>
  <datafield tag="667" ind1=" " ind2=" ">
    <subfield code="a">The following heading for an earlier name is a valid AACR 2 heading: American Association of Public Welfare Officials. AACR 1 form: American Public Welfare Association</subfield>
  </datafield>
  <datafield tag="670" ind1=" " ind2=" ">
    <subfield code="a">Fourth National Roundtable on Outcome Measures in Child Welfare Services, c1997:</subfield>
    <subfield code="b">t.p. (American Public Welfare Association)</subfield>
  </datafield>
  <datafield tag="670" ind1=" " ind2=" ">
    <subfield code="a">Serving the newly legalized, 1988:</subfield>
    <subfield code="b">t.p. (American Public Welfare Association, APWA)</subfield>
  </datafield>
  <datafield tag="670" ind1=" " ind2=" ">
    <subfield code="a">Policy &amp; practice of public human services, winter 1998: cover (American Public Human Services Association) p. 6 (APHSA, 810 First St., NE, Suite 500, Washington, D.C. 20002-4267)</subfield>
  </datafield>
  <datafield tag="670" ind1=" " ind2=" ">
    <subfield code="a">Information from 678 converted Dec. 8, 2014</subfield>
    <subfield code="b">(Founded 1930 as American Association of Public Welfare Officials; incorporated 1932 as American Public Welfare Association.)</subfield>
  </datafield>
</record>